<record xmlns="http://www.loc.gov/MARC21/slim" xmlns:xsi="http://www.w3.org/2001/XMLSchema-instance" xsi:schemaLocation="http://www.loc.gov/MARC21/slim http://www.loc.gov/standards/marcxml/schema/MARC21slim.xsd"><leader>01578nam a2200325   4500</leader><controlfield tag="001">002185941</controlfield><controlfield tag="003">NNU</controlfield><controlfield tag="006">m        d        </controlfield><controlfield tag="007">cr cn |||m|||a</controlfield><controlfield tag="008">150116s1986    ir      ob    000 0 ara d</controlfield><datafield ind1=" " ind2=" " tag="040"><subfield code="a">NNU</subfield><subfield code="b">eng</subfield><subfield code="c">NNU</subfield></datafield><datafield ind1=" " ind2=" " tag="066"><subfield code="c">(3</subfield><subfield code="c">(4</subfield></datafield><datafield ind1=" " ind2=" " tag="090"><subfield code="a">PJ6161</subfield><subfield code="b">.F23 1986</subfield></datafield><datafield ind1="1" ind2=" " tag="100"><subfield code="6">880-01</subfield><subfield code="a">F&#257;&#7693;il&#299;, Mu&#7717;ammad</subfield></datafield><datafield ind1="1" ind2="0" tag="245"><subfield code="6">880-02</subfield><subfield code="a">Dir&#257;sah wa-naqd f&#299; mas&#257;&#700;il bal&#257;gh&#299;yah h&#257;mmah</subfield><subfield code="h">[electronic resource] /</subfield><subfield code="c">ta&#700;l&#299;f Mu&#7717;ammad F&#257;&#7693;il&#299;.</subfield></datafield><datafield ind1=" " ind2=" " tag="260"><subfield code="6">880-03</subfield><subfield code="a">Tihr&#257;n :</subfield><subfield code="b">Mu&#700;assasah-&#700;i Ma&#7789;&#257;la&#699;&#257;t va Ta&#7717;q&#299;q&#257;t-i Farhang&#299;,</subfield><subfield code="c">1365 [1986 or 1987].</subfield></datafield><datafield ind1=" " ind2=" " tag="300"><subfield code="a">online resource (14, 418 p.)</subfield></datafield><datafield ind1=" " ind2=" " tag="500"><subfield code="a">Part of the Arabic Collections Online (ACO) project, contributed by New York Univeristy Libraries.</subfield></datafield><datafield ind1=" " ind2=" " tag="504"><subfield code="a">Includes bibliographical references (p. [411]-418).</subfield></datafield><datafield ind1=" " ind2=" " tag="533"><subfield code="a">Electronic reproduction.</subfield><subfield code="b">New York, N.Y. :</subfield><subfield code="c">New York University,</subfield><subfield code="d">2015.</subfield><subfield code="5">NNU</subfield></datafield><datafield ind1=" " ind2="0" tag="650"><subfield code="a">Arabic language</subfield><subfield code="x">Rhetoric.</subfield></datafield><datafield ind1="2" ind2=" " tag="710"><subfield code="a">New York University.</subfield><subfield code="b">Libraries.</subfield></datafield><datafield ind1="0" ind2=" " tag="730"><subfield code="a">Arabic Collections Online.</subfield></datafield><datafield ind1="0" ind2="8" tag="776"><subfield code="i">Print version:</subfield><subfield code="a">F&#257;&#7693;il&#299;, Mu&#7717;ammad 880-01</subfield><subfield code="t">Dir&#257;sah wa-naqd f&#299; mas&#257;&#700;il bal&#257;gh&#299;yah h&#257;mmah</subfield><subfield code="w">(NNU)002185941</subfield></datafield><datafield ind1="4" ind2="0" tag="856"><subfield code="u">http://hdl.handle.net/2333.1/1vhhmjdp</subfield></datafield><datafield ind1="0" ind2=" " tag="880"><subfield code="6">100-01/</subfield><subfield code="a">&#1605;&#1581;&#1605;&#1583; &#1601;&#1575;&#1590;&#1604;&#1609;.</subfield></datafield><datafield ind1="1" ind2="0" tag="880"><subfield code="6">245-02/</subfield><subfield code="a">&#1583;&#1585;&#1575;&#1587;&#1577; &#1608;&#1606;&#1602;&#1583; &#1601;&#1609; &#1605;&#1587;&#1575;&#1574;&#1604; &#1576;&#1604;&#1575;&#1594;&#1610;&#1577; &#1607;&#1575;&#1605;&#1577; /</subfield><subfield code="c">&#1578;&#1571;&#1604;&#1610;&#1601; &#1605;&#1581;&#1605;&#1583; &#1601;&#1575;&#1590;&#1604;&#1609;.</subfield></datafield><datafield ind1=" " ind2=" " tag="880"><subfield code="6">260-03/</subfield><subfield code="a">&#1578;&#1607;&#1585;&#1575;&#1606; :</subfield><subfield code="b">&#1605;&#1572;&#1587;&#1587;&#65533; &#1605;&#1591;&#1575;&#1604;&#1593;&#1575;&#1578; &#1608; &#1578;&#1581;&#1602;&#1610;&#1602;&#1575;&#1578; &#1601;&#1585;&#1607;&#1606;&#65533;&#1609;&#1548;&#1633;&#1635;&#1638;&#1637;.</subfield></datafield><datafield ind1=" " ind2=" " tag="959"><subfield code="a">NNU</subfield><subfield code="b">WEB</subfield><subfield code="c">GENI</subfield><subfield code="t">0</subfield><subfield code="m">Electronic access</subfield><subfield code="s">01</subfield></datafield><datafield ind1=" " ind2=" " tag="999"><subfield code="i">NNU_002185941</subfield><subfield code="o" /><subfield code="e">(ERROR-MISC)</subfield></datafield></record>